010364478952017101720171017201710170007006CIELO03PEC6765              001                                                                                                                                                                                 
110044844265171019     01171019171020000000+0000000000115-0000000000002+0000000000000+0000000000113010400012000030007877440000000111000000 171019  0000000000000 000000000+00000000000000021729250300348400000000016000000000002411131660111004484426N    
210044844265171019603689*********067320171019+00000000001150000   528987                    19000500000000000001900000000000000000000000000000000000000041113166                      18000617292503003484000000000001000 05                              
900000000127+0000000000132022600000000055                                                                                                                                                                                                                 
