010364478952023112720231127202311270009238CIELO04I              EC6765014                                                                                                                                                                                 
11093031864422112912/1201221129231127231127+0000000014737-0000000000388+0000000000000+00000000143490104025120000300005633601000001NN000000 221129  0000000000000 000000000+00000000000000022233351901999150200011026300000000003100299450121093031864NN00 
210930318644221129   535081******390320221129+00000000147371212   061935109303186423T4ECEQLC46625500000000000001600000000000000000000000000000000000000110029945  mg5U1dV05Qrp4gavlQ8807320022333519019991502000110001011 81290310490097583000000000000000
11093031864422120112/1201221201231127231127+0000000007298-0000000000192+0000000000000+00000000071060104025120000300005633601000001NN000000 221201  0000000000000 000000000+00000000000000022233551002516810200011026300000000003100299450121093031864NN00 
210930318644221201   230650******197620221201+00000000072981212   T09130109303186423V09KJH0C46926700000000000001600000000000000000000000000000000000000110029945  s3PAm9N3s9cSK3fvGQ5513072622335510025168102000110001011 81010310500155076000000000000000
11036447895422122911/1201221229231127231127+0000000010687-0000000000281+0000000000000+00000000104060104025120000300005633601000001NN000000 221229  0000000000000 000000000+00000000000000022236351101155390200010026300000000002411131670121036447895NN00 
210364478954221229   530599******462820221229+00000000106871112   066221                    29000300000000000001600000000000000000000000000000000000000141113167                      15410722363511011553902000100001010 05290310460076288000000000000000
11036447895423012610/1201230126231127231127+0000000012000-0000000000247+0000000000000+00000000117530104025120000300005633601000001NN000000 230126  0000000000000 000000000+00000000000000012302612801046440200009020600000000002411131670431036447895NN00 
210364478954230126   455184******662320230126+00000000120001012   672539                    26000600000000000001600000000000000000000000000000000000000141113167                      11572523026128010464402000090001009 05260310230061672000000000000000
11093031864423012610/1201230126231127231127+0000000009000-0000000000185+0000000000000+00000000088150104025120000300005633601000001NN000000 230126  0000000000000 000000000+00000000000000012302612801643820200009020600000000003100299450431093031864NN00 
210930318644230126   432728******116220230126+00000000090001012   53356010930318642O2N96PJRC48509900000000000001600000000000000000000000000000000000000110029945  Vx7sxHA2yKgMweGYlw3313051523026128016438202000090001009 01260310230099556000000000000000
11093031864423012710/1201230127231127231127+0000000015120-0000000000311+0000000000000+00000000148090104025120000300005633601000001NN000000 230127  0000000000000 000000000+00000000000000012302712301711880200009020600000000003100299450431093031864NN00 
210930318644230127   490144******061620230127+00000000151201012   08608310930318642O3L6TL5DC48112500000000000001600000000000000000000000000000000000000110029945  T0EkG3R30w6MLZtitQ6614473823027123017118802000090001009 01270310230107046000000000000000
11093031864423012810/1201230128231127231127+0000000006721-0000000000177+0000000000000+00000000065440104025120000300005633601000001NN000000 230128  0000000000000 000000000+00000000000000022302851902379640200009026300000000003100299450121093031864NN00 
210930318644230128   550209******229420230128+00000000067211012   09000210930318642O4J28SJAC48511300000000000001600000000000000000000000000000000000000110029945  Pn75CfeL8gBsLcRl5Q6600154423028519023796402000090001009 81280310490156228000000000000000
11093031864423013010/1201230130231127231127+0000000012600-0000000000331+0000000000000+00000000122690104025120000300005633601000001NN000000 230130  0000000000000 000000000+00000000000000022303051002316950200009026300000000003100299450121093031864NN00 
210930318644230130   523421******284620230130+00000000126001012   31971410930318642O6ETHKCAC48313900000000000001600000000000000000000000000000000000000110029945  d8lrdG3rv7AGAPshWw6615061523030510023169502000090001009 81300310500145136000000000000000
11093031864423013010/1001230130231127231127+0000000006324-0000000000166+0000000000000+00000000061580104025120000300005633601000001NN000000 230130  0000000000000 000000000+00000000000000022303051101694710200009026300000000003100299450121093031864NN00 
210930318644230130   550209******995020230130+00000000063241010   42671110930318642O6EU39G7C48113900000000000001600000000000000000000000000000000000000110029945  hRfEEdc9O5VjrPUvdg3318282923030511016947102000090001009 81300310460088877000000000000000
11093031864423013010/1201230130231127231127+0000000008731-0000000000230+0000000000000+00000000085010104025120000300005633601000001NN000000 230130  0000000000000 000000000+00000000000000022303051901861050200009026300000000003100299450121093031864NN00 
210930318644230130   516292******504720230130+00000000087311012   38338610930318642O6ESTV9PC48511500000000000001600000000000000000000000000000000000000110029945  wbqQSfj1U8VsxsQ7gw0011071723030519018610502000090001009 81300310490092811000000000000000
11036447895423022709/1001230227231127231127+0000000015593-0000000000410+0000000000000+00000000151830104025120000300005633601000001NN000000 230227  0000000000000 000000000+00000000000000022305851200626050200008026300000000002411131670121036447895NN00 
210364478954230227   548721******404820230227+00000000155930910   003139                    27003400000000000001600000000000000000000000000000000000000141113167                      19160923058512006260502000080001008 05270310470022800000000000000000
11036447895423022809/1001230228231127231127+0000000012600-0000000000331+0000000000000+00000000122690104025120000300005633601000001NN000000 230228  0000000000000 000000000+00000000000000022305951501462690200008026300000000002411131670121036447895NN00 
210364478954230228   514086******501220230228+00000000126000910   056481                    28000500000000000001600000000000000000000000000000000000000141113167                      10571023059515014626902000080001008 05280310500079148000000000000000
11036447895423022809/1001230228231127231127+0000000013170-0000000000346+0000000000000+00000000128240104025120000300005633601000002NN000000 230228  0000000000000 000000000+00000000000000022305951601061600200008026300000000002411131670121036447895NN00 
210364478954230228   550209******097920230228+00000000070720910   502249                    28002000000000000001600000000000000000000000000000000000000141113167                      17422723059516010616002000080001008 05280310460047472000000000000000
210364478954230228   550209******097920230228+00000000060980910   235402                    28002200000000000001600000000000000000000000000000000000000141113167                      17580023059516010616002000080002008 05280310460047473000000000000000
11036447895423030109/1001230301231127231127+0000000006210-0000000000163+0000000000000+00000000060470104025120000300005633601000001NN000000 230301  0000000000000 000000000+00000000000000022306051101080420200008026300000000002411131670121036447895NN00 
210364478954230301   550209******534320230301+00000000062100910   507925                    01004000000000000001600000000000000000000000000000000000000141113167                      17210823060511010804202000080001008 05010310460048333000000000000000
11036447895423030109/1201230301231127231127+0000000008333-0000000000219+0000000000000+00000000081140104025120000300005633601000001NN000000 230301  0000000000000 000000000+00000000000000022306051901242110200008026300000000002411131670121036447895NN00 
210364478954230301   550209******660120230301+00000000083330912   937652                    01000600000000000001600000000000000000000000000000000000000141113167                      08582023060519012421102000080001008 05010310490057043000000000000000
11036447895423032508/0801230325231127231127+0000000007104-0000000000146+0000000000000+00000000069580104025120000300005633601000001NN000000 230325  0000000000000 000000000+00000000000000072308451901532750200007020600000000002411131670721036447895NN00 
210364478954230325   650487******006920230325+00000000071040808   614492                    25001100000000000001600000000000000000000000000000000000020141113167                      09395023084519015327502000070001007 05250310490097872000000000000000
11093031864423032708/0801230327231127231127+0000000025308-0000000000521+0000000000000+00000000247870104025120000300005633601000001NN000000 230327  0000000000000 000000000+00000000000000012308612801463720200007020600000000003100299450431093031864NN00 
210930318644230327   470598******365220230327+00000000253080808   07782210930318642PQQDK63AC51103300000000000001600000000000000000000000000000000000000110029945  dCiPLnw4uwj3ZWx6aQ6614165923086128014637202000070001007 01270310230078601000000000000000
11036447895423032708/1001230327231127231127+0000000006210-0000000000128+0000000000000+00000000060820104025120000300005633601000001NN000000 230327  0000000000000 000000000+00000000000000012308612900681370200007020600000000002411131670431036447895NN00 
210364478954230327   498401******411720230327+00000000062100810   635377                    27002800000000000001600000000000000000000000000000000000000141113167                      16523523086129006813702000070001007 05270310190029702000000000000000
11093031864423032908/1201230329231127231127+0000000028838-0000000000759+0000000000000+00000000280790104025120000300005633601000002NN000000 230329  0000000000000 000000000+00000000000000022308851002213860200007026300000000003100299450121093031864NN00 
210930318644230329   558120******588920230329+00000000151200812   53318910930318642PSM85SVEC51003500000000000001600000000000000000000000000000000000000110029945  bX9joFSKcr2hDDFvBA5514533123088510022138602000070001007 81290310500122506000000000000000
210930318644230329   514086******303720230329+00000000137180812   09357410930318642PSM8DNR1C51003700000000000001600000000000000000000000000000000000000110029945  1Jn4dmUrB0HbZJUvwg8816112023088510022138602000070002007 81290310500122507000000000000000
11093031864423033008/1001230330231127231127+0000000005760-0000000000151+0000000000000+00000000056090104025120000300005633601000001NN000000 230330  0000000000000 000000000+00000000000000022308951401872120200007026300000000003100299450121093031864NN00 
210930318644230330   514087******405020230330+00000000057600810   T2565710930318642PTK4B4LJC51700100000000000001600000000000000000000000000000000000000110029945  D7BjItcbaOfmWm1Ulw3310565423089514018721202000070001007 81300310490088313000000000000000
11093031864423033108/1201230331231127231127+0000000005270-0000000000139+0000000000000+00000000051310104025120000300005633601000001NN000000 230331  0000000000000 000000000+00000000000000022309051002396930200007026300000000003100299450121093031864NN00 
210930318644230331   516292******333720230331+00000000052700812   10626010930318642PUI21Q1OC51901300000000000001600000000000000000000000000000000000000110029945  rvDGl1ZVgxxZhd1zhA2212341123090510023969302000070001007 81310310500150436000000000000000
11036447895423033108/1001230331231127231127+0000000014444-0000000000380+0000000000000+00000000140640104025120000300005633601000001NN000000 230331  0000000000000 000000000+00000000000000022309051901270380200007026300000000002411131670121036447895NN00 
210364478954230331   527451******984020230331+00000000144440810   658469                    31000200000000000001600000000000000000000000000000000000000141113167                      07264623090519012703802000070001007 05310310490062827000000000000000
11093031864423033108/1201230331231127231127+0000000021000-0000000000553+0000000000000+00000000204470104025120000300005633601000002NN000000 230331  0000000000000 000000000+00000000000000022309051901977260200007026300000000003100299450121093031864NN00 
210930318644230331   538164******917820230331+00000000090000812   77084910930318642PUI0E5S3C51600900000000000001600000000000000000000000000000000000000110029945  ran6O4lhfqenpvao7w5504451223090519019772602000070001007 81310310490100902000000000000000
210930318644230331   516292******806020230331+00000000120000809   82293710930318642PUI1R85KC51800500000000000001600000000000000000000000000000000000000110029945  3i49lzyVKMGqauR7TQ4411511823090519019772602000070002007 81310310490100903000000000000000
11036447895423042707/1001230427231127231127+0000000006210-0000000000140+0000000000000+00000000060700104025120000300005633601000001NN000000 230427  0000000000000 000000000+00000000000000012311712400773520200006022500000000002411131670431036447895NN00 
210364478954230427   412177******512820230427+00000000062100710   054568                    27001300000000000001600000000000000000000000000000000000000141113167                      17211023117124007735202000060001006 05270310190032979000000000000000
11093031864423042807/1201230428231127231127+0000000016808-0000000000434+0000000000000+00000000163740104025120000300005633601000002NN000000 230428  0000000000000 000000000+00000000000000022311851902080940200006025800000000003100299450121093031864NN00 
210930318644230428   512682******063920230428+00000000060060712   86145610930318642QONSD6GQC57900100000000000001600000000000000000000000000000000000000110029945  LfItTMLx6sw78aB27A0010201623118519020809402000060001006 81280310490095937000000000000000
210930318644230428   518814******792620230428+00000000108020710   91822010930318642QONSG918C57900300000000000001600000000000000000000000000000000000000110029945  qyWf3zD6DQrS711vpQ8810424723118519020809402000060002006 81280310490095938000000000000000
11093031864423052606/0801230526231127231127+0000000005286-0000000000119+0000000000000+00000000051670104025120000300005633601000001NN000000 230526  0000000000000 000000000+00000000000000012314612801749630200005022500000000003100299450431093031864NN00 
210930318644230526   458919******977020230526+00000000052860608   68373310930318642RIC71HD0E21600200000000000001600000000000000000000000000000000000000110029945  w1a6ZP9l4dziHduyQg6615503623146128017496302000050001005 01260310230097201000000000000000
11036447895423052706/0601230527231127231127+0000000011461-0000000000213+0000000000000+00000000112480104025120000300005633601000001NN000000 230527  0000000000000 000000000+00000000000000012314712201089420200005018600000000002411131670431036447895NN00 
210364478954230527   410863******077920230527+00000000114610606   411374                    27000300000000000001600000000000000000000000000000000000000141113167                      08411323147122010894202000050001005 05270310220062055000000000000000
11093031864423052906/1201230529231127231127+0000000010000-0000000000258+0000000000000+00000000097420104025120000300005633601000001NN000000 230529  0000000000000 000000000+00000000000000022314951700943030200005025800000000003100299450121093031864NN00 
210930318644230529   516292******630420230529+00000000100000612   77880310930318642RKQK6TAVC59100500000000000001600000000000000000000000000000000000000110029945  fNzQgJJ9jyFg7QYDfQ8819435423149517009430302000050001005 81290310470035033000000000000000
11093031864423053006/0901230530231127231127+0000000005355-0000000000138+0000000000000+00000000052170104025120000300005633601000001NN000000 230530  0000000000000 000000000+00000000000000022315051002257120200005025800000000003100299450121093031864NN00 
210930318644230530   512707******274720230530+00000000053550609   10569610930318642RLOG4O0KC59400700000000000001600000000000000000000000000000000000000110029945  ndoF3CmfgIAwaJnouw1112363923150510022571202000050001005 81300310500123232000000000000000
11093031864423053006/0701230530231127231127+0000000005266-0000000000136+0000000000000+00000000051300104025120000300005633601000001NN000000 230530  0000000000000 000000000+00000000000000022315051101603960200005025800000000003100299450121093031864NN00 
210930318644230530   535081******174520230530+00000000052660607   01806410930318642RLOGS5RLC59200900000000000001600000000000000000000000000000000000000110029945  ZzpkLOgLMdNudObjnw2216463823150511016039602000050001005 81300310460070644000000000000000
11036447895423062605/0601230626231127231127+0000000018000-0000000000335+0000000000000+00000000176650104025120000300005633601000001NN000000 230626  0000000000000 000000000+00000000000000012317712200787180200004018600000000002411131670431036447895NN00 
210364478954230626   414506******798920230626+00000000180000506   042353                    26000300000000000001600000000000000000000000000000000000000141113167                      08564723177122007871802000040001004 05260310220029105000000000000000
11093031864423062605/0601230626231127231127+0000000009985-0000000000186+0000000000000+00000000097990104025120000300005633601000001NN000000 230626  0000000000000 000000000+00000000000000012317712201204710200004018600000000003100299450431093031864NN00 
210930318644230626   498442******100620230626+00000000099850506   11159810930318642SF09JI6JC61000100000000000001600000000000000000000000000000000000000110029945  9amS78av8hhDviICBQ3308485523177122012047102000040001004 01260310220046690000000000000000
11093031864423062605/1201230626231127231127+0000000016872-0000000000380+0000000000000+00000000164920104025120000300005633601000001NN000000 230626  0000000000000 000000000+00000000000000012317712401102410200004022500000000003100299450431093031864NN00 
210930318644230626   498408******440620230626+00000000168720512   42934710930318642SF0BBOB2C61200300000000000001600000000000000000000000000000000000000110029945  Ck6LVgV1fkibg11yCA1118394323177124011024102000040001004 01260310190045947000000000000000
11036447895423062705/0601230627231127231127+0000000005182-0000000000096+0000000000000+00000000050860104025120000300005633601000001NN000000 230627  0000000000000 000000000+00000000000000012317812801001730200004018600000000002411131670431036447895NN00 
210364478954230627   485464******543420230627+00000000051820506   018690                    27000700000000000001600000000000000000000000000000000000000141113167                      15165823178128010017302000040001004 05270310230048704000000000000000
11093031864423062705/0601230627231127231127+0000000039702-0000000000738+0000000000000+00000000389640104025120000300005633601000001NN000000 230627  0000000000000 000000000+00000000000000012317812801559180200004018600000000003100299450431093031864NN00 
210930318644230627   453211******945720230627+00000000397020506   65198610930318642SFU7PCT6C61200700000000000001600000000000000000000000000000000000000110029945  yiqVKtSqWOU8pykGHw8812351923178128015591802000040001004 01270310230078449000000000000000
11093031864423062705/0501230627231127231127+0000000027566-0000000000513+0000000000000+00000000270530104025120000300005633601000001NN000000 230627  0000000000000 000000000+00000000000000012317812901116480200004018600000000003100299450431093031864NN00 
210930318644230627   470598******809520230627+00000000275660505   07694610930318642SFU8N06NC61000700000000000001600000000000000000000000000000000000000110029945  YYg9YRCFSoqG2OmqZA6616565523178129011164802000040001004 01270310190047216000000000000000
11093031864423062705/1001230627231127231127+0000000005991-0000000000155+0000000000000+00000000058360104025120000300005633601000001NN000000 230627  0000000000000 000000000+00000000000000022317851002218080200004025800000000003100299450121093031864NN00 
210930318644230627   521433******624720230627+00000000059910510   TVRQYH10930318642SFU88F3CC61300500000000000001600000000000000000000000000000000000000110029945  DOUDCr6QSBU1EMb4kg6614410723178510022180802000040001004 81270310500116866000000000000000
11093031864423062705/1101230627231127231127+0000000005446-0000000000141+0000000000000+00000000053050104025120000300005633601000001NN000000 230627  0000000000000 000000000+00000000000000022317851101599840200004025800000000003100299450121093031864NN00 
210930318644230627   536143******976920230627+00000000054460511   04052410930318642SFU8LA9BC61201100000000000001600000000000000000000000000000000000000110029945  GM5nIx6Bd0FVwTeJuw3316493523178511015998402000040001004 81270310460069097000000000000000
11093031864423062805/1201230628231127231127+0000000021856-0000000000564+0000000000000+00000000212920104025120000300005633601000002NN000000 230628  0000000000000 000000000+00000000000000022317951401817680200004025800000000003100299450121093031864NN00 
210930318644230628   539083******562720230628+00000000105000512   01667910930318642SGS44GMOC61500100000000000001600000000000000000000000000000000000000110029945  NBUqrIhQ10MbWIGRMg8808251423179514018176802000040001004 81280310490082163000000000000000
210930318644230628   223063******616120230628+00000000113560512   27098710930318642SGS44R79C61600100000000000001600000000000000000000000000000000000000110029945  WMT98pnEueYAfwaQAQ8808265923179514018176802000040002004 81280310490082164000000000000000
11093031864423062805/0501230628231127231127+0000000005613-0000000000126+0000000000000+00000000054870104025120000300005633601000001NN000000 230628  0000000000000 000000000+00000000000000022317951502257430200004022400000000003100299450121093031864NN00 
210930318644230628   550209******299420230628+00000000056130505   57039710930318642SGS5HGGGC61800100000000000001600000000000000000000000000000000000000110029945  vDK7B0rNhROmbLyQmA5515425123179515022574302000040001004 81280310500122888000000000000000
11036447895423062905/1001230629231127231127+0000000007300-0000000000188+0000000000000+00000000071120104025120000300005633601000001NN000000 230629  0000000000000 000000000+00000000000000022318051001449130200004025800000000002411131670121036447895NN00 
210364478954230629   223065******359120230629+00000000073000510   R06716                    29001200000000000001600000000000000000000000000000000000000141113167                      14120923180510014491302000040001004 05290310500076144000000000000000
11036447895423072504/1201230725231127231127+0000000047077-0000000001059+0000000000000+00000000460180104025120000300005633601000002NN000000 230725  0000000000000 000000000+00000000000000012320612801004580200003022500000000002411131670431036447895NN00 
210364478954230725   421844******538120230725+00000000264020412   069006                    25000700000000000001600000000000000000000000000000000000000141113167                      13391423206128010045802000030001003 05250310230049398000000000000000
210364478954230725   406655******570820230725+00000000206750408   601414                    25001100000000000001600000000000000000000000000000000000000141113167                      14401323206128010045802000030002003 05250310230049399000000000000000
11036447895423072504/0501230725231127231127+0000000005850-0000000000109+0000000000000+00000000057410104025120000300005633601000001NN000000 230725  0000000000000 000000000+00000000000000012320612900716110200003018600000000002411131670431036447895NN00 
210364478954230725   410863******578020230725+00000000058500405   043977                    25002000000000000001600000000000000000000000000000000000000141113167                      18043823206129007161102000030001003 05250310190030086000000000000000
11036447895423072504/0601230725231127231127+0000000025000-0000000000465+0000000000000+00000000245350104025120000300005633601000001NN000000 230725  0000000000000 000000000+00000000000000072320651001428700200003018600000000002411131670721036447895NN00 
210364478954230725   650507******830620230725+00000000250000406   859689                    25001300000000000001600000000000000000000000000000000000020141113167                      16030023206510014287002000030001003 05250310500074213000000000000000
11036447895423072604/1201230726231127231127+0000000010500-0000000000236+0000000000000+00000000102640104025120000300005633601000001NN000000 230726  0000000000000 000000000+00000000000000012320712301014220200003022500000000002411131670431036447895NN00 
210364478954230726   425850******210320230726+00000000105000412   455953                    26000200000000000001600000000000000000000000000000000000000141113167                      13455823207123010142202000030001003 05260310230050823000000000000000
11093031864423072604/1201230726231127231127+0000000007440-0000000000167+0000000000000+00000000072730104025120000300005633601000001NN000000 230726  0000000000000 000000000+00000000000000012320712401121340200003022500000000003100299450431093031864NN00 
210930318644230726   485464******933820230726+00000000074400412   15046910930318642TB2D5VH2C64000500000000000001600000000000000000000000000000000000000110029945  dG7Dl0mcw8tsz7GadA7717522423207124011213402000030001003 01260310190050031000000000000000
11093031864423072604/0501230726231127231127+0000000012469-0000000000232+0000000000000+00000000122370104025120000300005633601000001NN000000 230726  0000000000000 000000000+00000000000000012320712500716810200003018600000000003100299450431093031864NN00 
210930318644230726   400234******751320230726+00000000124690405   08732710930318642TB2DOAORC64400300000000000001600000000000000000000000000000000000000110029945  2YICEXfAUOAOJRpXXw4421443023207125007168102000030001003 01260310200026936000000000000000
11093031864423072604/1201230726231127231127+0000000019500-0000000000439+0000000000000+00000000190610104025120000300005633601000001NN000000 230726  0000000000000 000000000+00000000000000012320712500716820200003022500000000003100299450431093031864NN00 
210930318644230726   459384******962720230726+00000000195000412   38356810930318642TB2DLLT8C64200500000000000001600000000000000000000000000000000000000110029945  YvYOLNiM02CfzDERzA7721054823207125007168202000030001003 01260310200026937000000000000000
11036447895423072704/1001230727231127231127+0000000010200-0000000000230+0000000000000+00000000099700104025120000300005633601000001NN000000 230727  0000000000000 000000000+00000000000000012320812000442170200003022500000000002411131670431036447895NN00 
210364478954230727   423069******756520230727+00000000102000410   111706                    27002000000000000001600000000000000000000000000000000000000141113167                      18495823208120004421702000030001003 05270310200015231000000000000000
11093031864423072704/1201230727231127231127+0000000012665-0000000000285+0000000000000+00000000123800104025120000300005633601000002NN000000 230727  0000000000000 000000000+00000000000000012320812000723160200003022500000000003100299450431093031864NN00 
210930318644230727   453211******042220230727+00000000072460412   66270310930318642TC0BKJ3TC64600700000000000001600000000000000000000000000000000000000110029945  Kpd6J8MOKeNIh1E8jw2219562623208120007231602000030001003 01270310200027516000000000000000
210930318644230727   453211******042220230727+00000000054190410   65216210930318642TC0BJCIPC64700500000000000001600000000000000000000000000000000000000110029945  F9XORfyb7050LJYRrQ0019452123208120007231602000030002003 01270310200027517000000000000000
11036447895423072704/0501230727231127231127+0000000024707-0000000000460+0000000000000+00000000242470104025120000300005633601000002NN000000 230727  0000000000000 000000000+00000000000000012320812900721280200003018600000000002411131670431036447895NN00 
210364478954230727   410863******703720230727+00000000062660405   101472                    27001200000000000001600000000000000000000000000000000000000141113167                      17101323208129007212802000030001003 05270310190030873000000000000000
210364478954230727   455184******081920230727+00000000184410404   663580                    27001900000000000001600000000000000000000000000000000000000141113167                      18363523208129007212802000030002003 05270310190030874000000000000000
11093031864423072704/0701230727231127231127+0000000005472-0000000000123+0000000000000+00000000053490104025120000300005633601000001NN000000 230727  0000000000000 000000000+00000000000000012320812901136130200003022500000000003100299450431093031864NN00 
210930318644230727   485464******575520230727+00000000054720407   10200610930318642TC0BC1VRC64900500000000000001600000000000000000000000000000000000000110029945  52skAB69eOIZ7fS73A3318474523208129011361302000030001003 01270310190050946000000000000000
11036447895423072704/0501230727231127231127+0000000030079-0000000000674+0000000000000+00000000294050104025120000300005633601000002NN000000 230727  0000000000000 000000000+00000000000000022320851101026630200003022400000000002411131670121036447895NN00 
210364478954230727   531681******385820230727+00000000230810404   034965                    27000700000000000001600000000000000000000000000000000000000141113167                      15250223208511010266302000030001003 05270310460045981000000000000000
210364478954230727   515601******902120230727+00000000069980405   139899                    27001000000000000001600000000000000000000000000000000000000141113167                      16392323208511010266302000030002003 07270310460045982000000000000000
11093031864423072704/0401230727231127231127+0000000018210-0000000000408+0000000000000+00000000178020104025120000300005633601000001NN000000 230727  0000000000000 000000000+00000000000000022320851101621390200003022400000000003100299450121093031864NN00 
210930318644230727   548083******434320230727+00000000182100404   37546310930318642TC0B2I7FC64700300000000000001600000000000000000000000000000000000000110029945  l2CVe5sGz43L7kPtdw4417375323208511016213902000030001003 81270310460076550000000000000000
11093031864423072704/0601230727231127231127+0000000005250-0000000000118+0000000000000+00000000051320104025120000300005633601000001NN000000 230727  0000000000000 000000000+00000000000000022320851201035360200003022400000000003100299450121093031864NN00 
210930318644230727   516292******081620230727+00000000052500406   68234010930318642TC0C1L9SC64800300000000000001600000000000000000000000000000000000000110029945  VPPK9uWF9goea5tsmA8821443323208512010353602000030001003 81270310470041595000000000000000
11036447895423072704/0501230727231127231127+0000000016848-0000000000377+0000000000000+00000000164710104025120000300005633601000001NN000000 230727  0000000000000 000000000+00000000000000022320851901178030200003022400000000002411131670121036447895NN00 
210364478954230727   530994******674820230727+00000000168480405   067243                    27000100000000000001600000000000000000000000000000000000000141113167                      10392523208519011780302000030001003 05270310490050071000000000000000
11093031864423072804/1001230728231127231127+0000000005144-0000000000133+0000000000000+00000000050110104025120000300005633601000001NN000000 230728  0000000000000 000000000+00000000000000022320951401900220200003025800000000003100299450121093031864NN00 
210930318644230728   550209******798020230728+00000000051440410   14060210930318642TCU82NA1C64901100000000000001600000000000000000000000000000000000000110029945  5imDjHhotuFAbS0SzA0011425823209514019002202000030001003 81280310490088731000000000000000
11093031864423072804/0501230728231127231127+0000000006736-0000000000151+0000000000000+00000000065850104025120000300005633601000001NN000000 230728  0000000000000 000000000+00000000000000022320951502401660200003022400000000003100299450121093031864NN00 
210930318644230728   545462******945420230728+00000000067360405   02233610930318642TCU86R47C64500700000000000001600000000000000000000000000000000000000110029945  hIbff6vxcqSe9f8Smg5512213423209515024016602000030001003 81280310500141810000000000000000
11036447895423072804/1001230728231127231127+0000000013600-0000000000351+0000000000000+00000000132490104025120000300005633601000001NN000000 230728  0000000000000 000000000+00000000000000022320951601094770200003025800000000002411131670121036447895NN00 
210364478954230728   515601******143620230728+00000000136000410   961152                    28001800000000000001600000000000000000000000000000000000000141113167                      17105123209516010947702000030001003 07280310460051622000000000000000
11093031864423072804/0701230728231127231127+0000000013968-0000000000360+0000000000000+00000000136080104025120000300005633601000001NN000000 230728  0000000000000 000000000+00000000000000022320951601722650200003025800000000003100299450121093031864NN00 
210930318644230728   550209******154420230728+00000000139680407   01825510930318642TCU9AG3RC64901500000000000001600000000000000000000000000000000000000110029945  2rAxsCjKTEqv2dojQw7717031923209516017226502000030001003 81280310460085251000000000000000
11093031864423072804/0601230728231127231127+0000000012413-0000000000278+0000000000000+00000000121350104025120000300005633601000001NN000000 230728  0000000000000 000000000+00000000000000022320951701124250200003022400000000003100299450121093031864NN00 
210930318644230728   548046******995720230728+00000000124130406   68348810930318642TCU9S712C64601100000000000001600000000000000000000000000000000000000110029945  ib7Q1H3SkdP7b94KcQ3319283423209517011242502000030001003 81280310470044697000000000000000
11036447895423082503/0301230825231127231127+0000000008520-0000000000158+0000000000000+00000000083620104025120000300005633601000001NN000000 230825  0000000000000 000000000+00000000000000012323712200857720200002018600000000002411131670431036447895NN00 
210364478954230825   457943******628120230825+00000000085200303   019791                    25000700000000000001600000000000000000000000000000000000000141113167                      10364023237122008577202000020001002 05250310220035339000000000000000
11093031864423082503/0501230825231127231127+0000000010711-0000000000200+0000000000000+00000000105110104025120000300005633601000002NN000000 230825  0000000000000 000000000+00000000000000012323712401162590200002018600000000003100299450431093031864NN00 
210930318644230825   421960******175220230825+00000000055130305   93099010930318642U74E4SO5C66301300000000000001600000000000000000000000000000000000000110029945  8rR1GQXGD7m48RPjoA1116495223237124011625902000020001002 01250310190053833000000000000000
210930318644230825   464296******028220230825+00000000051980305   06565010930318642U74ED253C66401900000000000001600000000000000000000000000000000000000110029945  LbggwJEHClyGm88UAQ1117483323237124011625902000020002002 01250310190053834000000000000000
11036447895423082603/1201230826231127231127+0000000017622-0000000000396+0000000000000+00000000172260104025120000300005633601000001NN000000 230826  0000000000000 000000000+00000000000000012323812800988900200002022500000000002411131670431036447895NN00 
210364478954230826   470598******958320230826+00000000176220312   035621                    26000600000000000001600000000000000000000000000000000000000141113167                      11314523238128009889002000020001002 05260310230064635000000000000000
11036447895423082603/0401230826231127231127+0000000015756-0000000000353+0000000000000+00000000154030104025120000300005633601000001NN000000 230826  0000000000000 000000000+00000000000000022323851901441130200002022400000000002411131670121036447895NN00 
210364478954230826   550209******622520230826+00000000157560304   837761                    26000500000000000001600000000000000000000000000000000000000141113167                      09363823238519014411302000020001002 05260310490087050000000000000000
11093031864423082703/0301230827231127231127+0000000005767-0000000000129+0000000000000+00000000056380104025120000300005633601000001NN000000 230827  0000000000000 000000000+00000000000000022323951401131860200002022400000000003100299450121093031864NN00 
210930318644230827   550209******359820230827+00000000057670303   61801210930318642U907GBORC66800100000000000001600000000000000000000000000000000000000110029945  XyDUQvXVLwwbJH6VAQ8810283223239514011318602000020001002 81270310490041274000000000000000
11093031864423082703/0801230827231127231127+0000000005169-0000000000133+0000000000000+00000000050360104025120000300005633601000001NN000000 230827  0000000000000 000000000+00000000000000022323951600636970200002025800000000003100299450121093031864NN00 
210930318644230827   511477******431820230827+00000000051690308   63199210930318642U9090EHFC66600500000000000001600000000000000000000000000000000000000110029945  NwUsy12iXQLZ1C3iuQ1118341223239516006369702000020001002 81270310460034786000000000000000
11036447895423082803/1001230828231127231127+0000000010200-0000000000263+0000000000000+00000000099370104025120000300005633601000001NN000000 230828  0000000000000 000000000+00000000000000022324051200575020200002025800000000002411131670121036447895NN00 
210364478954230828   516283******410320230828+00000000102000310   027736                    28002500000000000001600000000000000000000000000000000000000141113167                      19183323240512005750202000020001002 07280310470019321000000000000000
11093031864423082803/0301230828231127231127+0000000005767-0000000000129+0000000000000+00000000056380104025120000300005633601000001NN000000 230828  0000000000000 000000000+00000000000000022324051901659540200002022400000000003100299450121093031864NN00 
210930318644230828   512682******371220230828+00000000057670303   63133510930318642U9U4CDMLC66600700000000000001600000000000000000000000000000000000000110029945  oROEKwt6SErS8fFrhg2208265823240519016595402000020001002 81280310490068098000000000000000
11093031864423082803/0501230828231127231127+0000000005106-0000000000114+0000000000000+00000000049920104025120000300005633601000001NN000000 230828  0000000000000 000000000+00000000000000022324051901659550200002022400000000003100299450121093031864NN00 
210930318644230828   516292******914220230828+00000000051060305   08436810930318642U9U53P59C66700300000000000001600000000000000000000000000000000000000110029945  Y8Z1cv0JAiTxEUd5YA2211201923240519016595502000020001002 81280310490068099000000000000000
11036447895423092502/1001230925231127231127+0000000020747-0000000000467+0000000000000+00000000202800104025120000300005633601000001NN000000 230925  0000000000000 000000000+00000000000000012326812000412550200001022500000000002411131670431036447895NN00 
210364478954230925   499818******593520230925+00000000207470210   395004                    25001900000000000001600000000000000000000000000000000000000141113167                      19251723268120004125502000010001001 05250310200013853000000000000000
11093031864423092502/0401230925231127231127+0000000007144-0000000000133+0000000000000+00000000070110104025120000300005633601000001NN000000 230925  0000000000000 000000000+00000000000000012326812801447810200001018600000000003100299450431093031864NN00 
210930318644230925   498442******473820230925+00000000071440204   90345110930318642V44CHVL7C68903500000000000001600000000000000000000000000000000000000110029945  O8fjHNB6N3kdUEn0VQ7714063723268128014478102000010001001 01250310230068898000000000000000
11036447895423092502/0301230925231127231127+0000000010387-0000000000193+0000000000000+00000000101940104025120000300005633601000001NN000000 230925  0000000000000 000000000+00000000000000012326812900691260200001018600000000002411131670431036447895NN00 
210364478954230925   455183******057020230925+00000000103870203   660834                    25001400000000000001600000000000000000000000000000000000000141113167                      16560823268129006912602000010001001 05250310190028065000000000000000
11036447895423092502/0601230925231127231127+0000000021000-0000000000470+0000000000000+00000000205300104025120000300005633601000001NN000000 230925  0000000000000 000000000+00000000000000022326851001335410200001022400000000002411131670121036447895NN00 
210364478954230925   550209******523420230925+00000000210000206   611993                    25000500000000000001600000000000000000000000000000000000000141113167                      13520323268510013354102000010001001 05250310500064738000000000000000
11093031864423092502/0301230925231127231127+0000000009525-0000000000213+0000000000000+00000000093120104025120000300005633601000001NN000000 230925  0000000000000 000000000+00000000000000022326851002074930200001022400000000003100299450121093031864NN00 
210930318644230925   516292******542320230925+00000000095250203   82802910930318642V44COUC5C68602100000000000001600000000000000000000000000000000000000110029945  19dHhaOm10NKi7vM5Q3315140723268510020749302000010001001 81250310500104270000000000000000
11036447895423092502/1001230925231127231127+0000000031290-0000000000807+0000000000000+00000000304830104025120000300005633601000002NN000000 230925  0000000000000 000000000+00000000000000022326851100992250200001025800000000002411131670121036447895NN00 
210364478954230925   230650******204920230925+00000000176280210   R05173                    25001100000000000001600000000000000000000000000000000000000141113167                      16374223268511009922502000010001001 05250310460041706000000000000000
210364478954230925   536518******511920230925+00000000136620210   927185                    25001500000000000001600000000000000000000000000000000000000141113167                      17134223268511009922502000010002001 05250310460041707000000000000000
11093031864423092502/0501230925231127231127+0000000005018-0000000000112+0000000000000+00000000049060104025120000300005633601000001NN000000 230925  0000000000000 000000000+00000000000000022326851101546080200001022400000000003100299450121093031864NN00 
210930318644230925   527468******368420230925+00000000050180205   03065910930318642V44DAVC4C68602300000000000001600000000000000000000000000000000000000110029945  JgrneXYeW0lJuWVtJw3317493623268511015460802000010001001 81250310460067723000000000000000
11093031864423092502/0201230925231127231127+0000000009815-0000000000220+0000000000000+00000000095950104025120000300005633601000001NN000000 230925  0000000000000 000000000+00000000000000022326851901769680200001022400000000003100299450121093031864NN00 
210930318644230925   531681******866320230925+00000000098150202   01687210930318642V44BU8TSC68501500000000000001600000000000000000000000000000000000000110029945  dOVVcAJHqR6nxT06Sg0011581423268519017696802000010001001 81250310490075219000000000000000
11093031864423092502/0401230925231127231127+0000000020246-0000000000454+0000000000000+00000000197920104025120000300005633601000002NN000000 230925  0000000000000 000000000+00000000000000022326851901769690200001022400000000003100299450121093031864NN00 
210930318644230925   550209******118320230925+00000000101230204   17916810930318642V44BGUUVC68801700000000000001600000000000000000000000000000000000000110029945  BFAOcSwDaTKEDss06A2210282323268519017696902000010001001 81250310490075220000000000000000
210930318644230925   550209******118320230925+00000000101230204   23375410930318642V44BIASAC68801900000000000001600000000000000000000000000000000000000110029945  fOYuMH8Ux7TjBlQRqg3310332323268519017696902000010002001 81250310490075221000000000000000
11093031864423092602/0201230926231127231127+0000000010374-0000000000193+0000000000000+00000000101810104025120000300005633601000001NN000000 230926  0000000000000 000000000+00000000000000012326912201271320200001018600000000003100299450431093031864NN00 
210930318644230926   421958******090820230926+00000000103740202   02703710930318642V53OTOA4E24900600000000000001600000000000000000000000000000000000000110029945  ge48KoMSWzR6uPbdvQ2211410123269122012713202000010001001 01260310220054426000000000000000
11093031864423092602/0701230926231127231127+0000000009486-0000000000213+0000000000000+00000000092730104025120000300005633601000001NN000000 230926  0000000000000 000000000+00000000000000012326912301483030200001022500000000003100299450431093031864NN00 
210930318644230926   464127******698820230926+00000000094860207   65470710930318642V529OMVRC68502100000000000001600000000000000000000000000000000000000110029945  JAWcc9fxIudWmxyAKA5515454623269123014830302000010001001 01260310230073327000000000000000
11036447895423092602/0501230926231127231127+0000000006590-0000000000123+0000000000000+00000000064670104025120000300005633601000001NN000000 230926  0000000000000 000000000+00000000000000012326912400706580200001018600000000002411131670431036447895NN00 
210364478954230926   410863******945820230926+00000000065900205   503566                    26000800000000000001600000000000000000000000000000000000000141113167                      16503523269124007065802000010001001 05260310190028782000000000000000
11093031864423092602/0501230926231127231127+0000000005199-0000000000116+0000000000000+00000000050830104025120000300005633601000001NN000000 230926  0000000000000 000000000+00000000000000022326951401826570200001022400000000003100299450121093031864NN00 
210930318644230926   536119******321420230926+00000000051990205   T0257210930318642V53ODSC0E25000600000000000001600000000000000000000000000000000000000110029945  vnyufeXpJjTRf2JnsA7710151523269514018265702000010001001 81260310490083311000000000000000
11093031864423092602/0601230926231127231127+0000000030438-0000000000681+0000000000000+00000000297570104025120000300005633601000002NN000000 230926  0000000000000 000000000+00000000000000022326951502129060200001022400000000003100299450121093031864NN00 
210930318644230926   516292******365120230926+00000000252000206   79530810930318642V529BV38C68903900000000000001600000000000000000000000000000000000000110029945  6X9kiqU21sz93Uwuog7713144423269515021290602000010001001 81260310500110419000000000000000
210930318644230926   530033******682920230926+00000000052380204   04775110930318642V529PM7SC68904100000000000001600000000000000000000000000000000000000110029945  Q5TIbxoSauTAeQ3HwQ6615480223269515021290602000010002001 81260310500110420000000000000000
11036447895423092602/0201230926231127231127+0000000015750-0000000000353+0000000000000+00000000153970104025120000300005633601000001NN000000 230926  0000000000000 000000000+00000000000000022326951601010740200001022400000000002411131670121036447895NN00 
210364478954230926   530033******277120230926+00000000157500202   031710                    26000900000000000001600000000000000000000000000000000000000141113167                      17571123269516010107402000010001001 05260310460042886000000000000000
11036447895423092602/0301230926231127231127+0000000020800-0000000000466+0000000000000+00000000203340104025120000300005633601000001NN000000 230926  0000000000000 000000000+00000000000000022326951700626860200001022400000000002411131670121036447895NN00 
210364478954230926   530033******688720230926+00000000208000203   074459                    26002300000000000001600000000000000000000000000000000000000141113167                      19532223269517006268602000010001001 05260310470021848000000000000000
11036447895423092602/0601230926231127231127+0000000009833-0000000000220+0000000000000+00000000096130104025120000300005633601000001NN000000 230926  0000000000000 000000000+00000000000000022326951700626870200001022400000000002411131670121036447895NN00 
210364478954230926   223115******602220230926+00000000098330206   049203                    26002100000000000001600000000000000000000000000000000000000141113167                      19394323269517006268702000010001001 05260310470021849000000000000000
11093031864423092602/0501230926231127231127+0000000005314-0000000000119+0000000000000+00000000051950104025120000300005633601000001NN000000 230926  0000000000000 000000000+00000000000000022326951800380710200001022400000000003100299450121093031864NN00 
210930318644230926   523431******369120230926+00000000053140205   04344610930318642V52ANRP8C68802300000000000001600000000000000000000000000000000000000110029945  RXWAz7y8Dab3O1Dllw3322220023269518003807102000010001001 81260310480008307000000000000000
11093031864423092702/1001230927231127231127+0000000005400-0000000000122+0000000000000+00000000052780104025120000300005633601000001NN000000 230927  0000000000000 000000000+00000000000000012327012000693590200001022500000000003100299450431093031864NN00 
210930318644230927   425850******286520230927+00000000054000210   58586410930318642V6087IPHC68702900000000000001600000000000000000000000000000000000000110029945  x0YgeBuaapPD3IZi3w0020585823270120006935902000010001001 01270310200024198000000000000000
11036447895423092702/0301230927231127231127+0000000022571-0000000000420+0000000000000+00000000221510104025120000300005633601000002NN000000 230927  0000000000000 000000000+00000000000000012327012700846840200001018600000000002411131670431036447895NN00 
210364478954230927   432958******201320230927+00000000098000203   064189                    27000300000000000001600000000000000000000000000000000000000141113167                      09460123270127008468402000010001001 05270310220035823000000000000000
210364478954230927   432958******201320230927+00000000127710202   071281                    27000600000000000001600000000000000000000000000000000000000141113167                      09585023270127008468402000010002001 05270310220035824000000000000000
11093031864423092702/0401230927231127231127+0000000015076-0000000000280+0000000000000+00000000147960104025120000300005633601000001NN000000 230927  0000000000000 000000000+00000000000000012327012701293980200001018600000000003100299450431093031864NN00 
210930318644230927   427167******605820230927+00000000150760204   04360210930318642V605MUGRC68702300000000000001600000000000000000000000000000000000000110029945  ANmMVPjRDkWJ8uzw6A1109070123270127012939802000010001001 01270310220056567000000000000000
11093031864423092702/0301230927231127231127+0000000014418-0000000000268+0000000000000+00000000141500104025120000300005633601000002NN000000 230927  0000000000000 000000000+00000000000000012327012801509460200001018600000000003100299450431093031864NN00 
210930318644230927   427167******605820230927+00000000057670203   04340510930318642V60729MAC68602900000000000001600000000000000000000000000000000000000110029945  WdL5WCCvst3NPsiZ8Q4414570423270128015094602000010001001 01270310230074650000000000000000
210930318644230927   410749******874120230927+00000000086510202   98420510930318642V606R5PJC68802700000000000001600000000000000000000000000000000000000110029945  U2Tve31ZNtEh21e7nA3313570723270128015094602000010002001 01270310230074651000000000000000
11036447895423092702/0401230927231127231127+0000000013700-0000000000307+0000000000000+00000000133930104025120000300005633601000001NN000000 230927  0000000000000 000000000+00000000000000022327051001375870200001022400000000002411131670121036447895NN00 
210364478954230927   550209******507020230927+00000000137000204   618155                    27000800000000000001600000000000000000000000000000000000000141113167                      11374423270510013758702000010001001 05270310500067786000000000000000
11036447895423092702/0601230927231127231127+0000000030464-0000000000682+0000000000000+00000000297820104025120000300005633601000001NN000000 230927  0000000000000 000000000+00000000000000022327051100989520200001022400000000002411131670121036447895NN00 
210364478954230927   523284******053920230927+00000000304640206   098460                    27001700000000000001600000000000000000000000000000000000000141113167                      18214423270511009895202000010001001 05270310460041071000000000000000
11036447895423092702/0201230927231127231127+0000000009945-0000000000223+0000000000000+00000000097220104025120000300005633601000001NN000000 230927  0000000000000 000000000+00000000000000022327051200614710200001022400000000002411131670121036447895NN00 
210364478954230927   550209******306020230927+00000000099450202   103015                    27001900000000000001600000000000000000000000000000000000000141113167                      19064123270512006147102000010001001 05270310470020772000000000000000
11036447895423092702/0201230927231127231127+0000000012915-0000000000240+0000000000000+00000000126750104025120000300005633601000001NN000000 230927  0000000000000 000000000+00000000000000072327051200614720200001018600000000002411131670721036447895NN00 
210364478954230927   650597******513020230927+00000000129150202   872192                    27001800000000000001600000000000000000000000000000000000000141113167                      18591223270512006147202000010001001 83270310470020773000000000000000
11093031864423092702/1001230927231127231127+0000000005400-0000000000139+0000000000000+00000000052610104025120000300005633601000001NN000000 230927  0000000000000 000000000+00000000000000022327051200991400200001025800000000003100299450121093031864NN00 
210930318644230927   548083******652720230927+00000000054000210   06207610930318642V60884TNC68502300000000000001600000000000000000000000000000000000000110029945  pOfR1ofvXXNlZ1llxg1121061923270512009914002000010001001 81270310470036107000000000000000
11036447895423092702/0601230927231127231127+0000000013401-0000000000300+0000000000000+00000000131010104025120000300005633601000001NN000000 230927  0000000000000 000000000+00000000000000022327051901200210200001022400000000002411131670121036447895NN00 
210364478954230927   530599******213320230927+00000000134010206   022615                    27000100000000000001600000000000000000000000000000000000000141113167                      08562723270519012002102000010001001 05270310490052861000000000000000
11093031864423092702/0901230927231127231127+0000000005480-0000000000141+0000000000000+00000000053390104025120000300005633601000001NN000000 230927  0000000000000 000000000+00000000000000022327051901846410200001025800000000003100299450121093031864NN00 
210930318644230927   550209******901920230927+00000000054800209   63538010930318642V604O1P4C68602500000000000001600000000000000000000000000000000000000110029945  aZVxZ8TUAV0B7nAqNA5501401323270519018464102000010001001 81270310490085264000000000000000
110930318640231025     01231025231127231127+0000000034580-0000000000505+0000000000000+00000000340750104025120000300005633601000001NN000000 231025  0000000000000 000000000+00000000000000012329812100259110000000014600000000003100299450401093031864NN00 
210930318640231025   423154******691820231025+00000000345800000   WP62J910930318643006ITKA5C70500100000000000001600000000000000000000000000000000000000110029945  LWHgUtWETkSqih9i9g0023580423298121002591100000000001000 01250210080046544000000000000000
11093031864423102501/1001231025231127231127+0000000014291-0000000000322+0000000000000+00000000139690104025120000300005633601000001NN000000 231025  0000000000000 000000000+00000000000000012329812701276750000001022500000000003100299450431093031864NN00 
210930318644231025   477176******761220231025+00000000142910110   01943410930318643006FQSFNC69901500000000000001600000000000000000000000000000000000000110029945  Ads5dPuLpNN5psRsKA3308310123298127012767500000010001001 01250310220054935000000000000000
110930318640231025     01231025231127231127+0000000009000-0000000000131+0000000000000+00000000088690104025120000300005633601000001NN000000 231025  0000000000000 000000000+00000000000000012329812801514890000000014600000000003100299450401093031864NN00 
210930318640231025   407505******500120231025+00000000090000000   09866510930318643006HA9HMC70200100000000000001600000000000000000000000000000000000000110029945  sh78NuGEfM40TZJmKw0015010923298128015148900000000001000 01250210100462140000000000000000
110364478950231025     01231025231127231127+0000000033594-0000000000490+0000000000000+00000000331040104025120000300005633601000001NN000000 231025  0000000000000 000000000+00000000000000012329812900695960000000014600000000002411131670401036447895NN00 
210364478950231025   485464******623720231025+00000000335940000   314330                    25001100000000000001600000000000000000000000000000000000000141113167                      17314523298129006959600000000001000 05250210060196395000000000000000
11093031864423102501/0201231025231127231127+0000000014034-0000000000261+0000000000000+00000000137730104025120000300005633601000001NN000000 231025  0000000000000 000000000+00000000000000012329812901085290000001018600000000003100299450431093031864NN00 
210930318644231025   464127******087320231025+00000000140340102   67530210930318643006I19PMC70400100000000000001600000000000000000000000000000000000000110029945  mfAPfmNDGEyom3U3Eg4418375223298129010852900000010001001 01250310190045959000000000000000
11093031864423102501/1201231025231127231127+0000000016872-0000000000380+0000000000000+00000000164920104025120000300005633601000001NN000000 231025  0000000000000 000000000+00000000000000012329812901085300000001022500000000003100299450431093031864NN00 
210930318644231025   415275******823320231025+00000000168720112   07966510930318643006HL6KMC70300100000000000001600000000000000000000000000000000000000110029945  Mjv8ooS5XOaAfW4h1w3316473323298129010853000000010001001 01250310190045960000000000000000
110364478950231025     01231025231127231127+0000000031500-0000000000545+0000000000000+00000000309550104025120000300005633601000001NN000000 231025  0000000000000 000000000+00000000000000022329851001392840000000017300000000002411131670101036447895NN00 
210364478950231025   550209******593120231025+00000000315000000   233383                    25000600000000000001600000000000000000000000000000000000000141113167                      13025123298510013928400000000001000 05250210380460692000000000000000
11036447895423102501/0601231025231127231127+0000000010189-0000000000190+0000000000000+00000000099990104025120000300005633601000001NN000000 231025  0000000000000 000000000+00000000000000072329851001392850000001018600000000002411131670721036447895NN00 
210364478954231025   650914******091120231025+00000000101890106   652463                    25000400000000000001600000000000000000000000000000000000000141113167                      11052423298510013928500000010001001 05250310500070456000000000000000
110364478950231025     01231025231127231127+0000000001600-0000000000028+0000000000000+00000000015720104025120000300005633601000001NN000000 231025  0000000000000 000000000+00000000000000022329851101009830000000017300000000002411131670101036447895NN00 
210364478950231025   511781******674920231025+00000000016000000   R08166                    25000900000000000001600000000000000000000000000000000000000141113167                      17285723298511010098300000000001000 05250210340318095000000000000000
11036447895423102501/0501231025231127231127+0000000018720-0000000000419+0000000000000+00000000183010104025120000300005633601000001NN000000 231025  0000000000000 000000000+00000000000000022329851101009840000001022400000000002411131670121036447895NN00 
210364478954231025   536380******913920231025+00000000187200105   R37247                    25000800000000000001600000000000000000000000000000000000000141113167                      15313523298511010098400000010001001 05250310460042935000000000000000
11036447895423102501/1201231025231127231127+0000000018000-0000000000464+0000000000000+00000000175360104025120000300005633601000001NN000000 231025  0000000000000 000000000+00000000000000022329851101009850000001025800000000002411131670121036447895NN00 
210364478954231025   230650******291720231025+00000000180000112   R05108                    25001300000000000001600000000000000000000000000000000000000141113167                      18002523298511010098500000010001001 07250310460042936000000000000000
11093031864423102501/0401231025231127231127+0000000029025-0000000000650+0000000000000+00000000283750104025120000300005633601000001NN000000 231025  0000000000000 000000000+00000000000000022329851101574110000001022400000000003100299450121093031864NN00 
210930318644231025   550209******833820231025+00000000290250104   86636010930318643006I2N79C70300500000000000001600000000000000000000000000000000000000110029945  68ALFSzWlVAs9hdlcw4418472623298511015741100000010001001 81250310460070448000000000000000
11036447895423102501/0501231025231127231127+0000000006345-0000000000142+0000000000000+00000000062030104025120000300005633601000001NN000000 231025  0000000000000 000000000+00000000000000022329851200621150000001022400000000002411131670121036447895NN00 
210364478954231025   230650******333320231025+00000000063450105   R05302                    25001500000000000001600000000000000000000000000000000000000141113167                      19191223298512006211500000010001001 05250310470021356000000000000000
110364478950231025     01231025231127231127+0000000034560-0000000000598+0000000000000+00000000339620104025120000300005633601000001NN000000 231025  0000000000000 000000000+00000000000000022329851901201400000000017300000000002411131670101036447895NN00 
210364478950231025   516306******340720231025+00000000345600000   096295                    25000100000000000001600000000000000000000000000000000000000141113167                      08240123298519012014000000000001000 07250210370408901000000000000000
110930318640231025     01231025231127231127+0000000006900-0000000000119+0000000000000+00000000067810104025120000300005633601000001NN000000 231025  0000000000000 000000000+00000000000000022329851901848270000000017300000000003100299450101093031864NN00 
210930318640231025   523421******436720231025+00000000069000000   12316710930318643006ES9D3C69901300000000000001600000000000000000000000000000000000000110029945  jpcwRtG78L8lA7TFuA6600404223298519018482700000000001000 81250210370665201000000000000000
11093031864423102601/1201231026231127231127+0000000013029-0000000000293+0000000000000+00000000127360104025120000300005633601000001NN000000 231026  0000000000000 000000000+00000000000000012329912201287390000001022500000000003100299450431093031864NN00 
210930318644231026   485464******917020231026+00000000130290112   25679910930318643014E6V2NC70400300000000000001600000000000000000000000000000000000000110029945  Y8jGSrnXKjEGFUEm9g0010374223299122012873900000010001001 01260310220054265000000000000000
110930318640231026     01231026231127231127+0000000012927-0000000000189+0000000000000+00000000127380104025120000300005633601000001NN000000 231026  0000000000000 000000000+00000000000000012329912401095360000000014600000000003100299450401093031864NN00 
210930318640231026   415944******684520231026+00000000129270000   47358410930318643014FS54NC70600300000000000001600000000000000000000000000000000000000110029945  j3y5qbXefWCyq2sY7w0016511023299124010953600000000001000 01260210060292908000000000000000
11093031864423102601/0601231026231127231127+0000000010080-0000000000187+0000000000000+00000000098930104025120000300005633601000001NN000000 231026  0000000000000 000000000+00000000000000012329912401095370000001018600000000003100299450431093031864NN00 
210930318644231026   466079******588120231026+00000000100800106   94976310930318643014G6SCEC70600500000000000001600000000000000000000000000000000000000110029945  TsDEzxmWeCPdmMSEbw1118261323299124010953700000010001001 01260310190046030000000000000000
11036447895423102601/0301231026231127231127+0000000018000-0000000000403+0000000000000+00000000175970104025120000300005633601000001NN000000 231026  0000000000000 000000000+00000000000000022329951401199980000001022400000000002411131670121036447895NN00 
210364478954231026   230650******844420231026+00000000180000103   R08114                    26000800000000000001600000000000000000000000000000000000000141113167                      11014923299514011999800000010001001 05260310490052478000000000000000
11036447895423102601/1201231026231127231127+0000000019722-0000000000509+0000000000000+00000000192130104025120000300005633601000001NN000000 231026  0000000000000 000000000+00000000000000022329951401199990000001025800000000002411131670121036447895NN00 
210364478954231026   536518******012020231026+00000000197220112   868057                    26000900000000000001600000000000000000000000000000000000000141113167                      11182423299514011999900000010001001 05260310490052479000000000000000
11093031864423102601/0201231026231127231127+0000000012531-0000000000281+0000000000000+00000000122500104025120000300005633601000001NN000000 231026  0000000000000 000000000+00000000000000022329951401848780000001022400000000003100299450121093031864NN00 
210930318644231026   516291******232620231026+00000000125310102   00792110930318643014E0CBEC70300900000000000001600000000000000000000000000000000000000110029945  WJFVN8v4xi2nOHU0ZQ8809535923299514018487800000010001001 81260310490084939000000000000000
11093031864423102601/0401231026231127231127+0000000025050-0000000000561+0000000000000+00000000244890104025120000300005633601000001NN000000 231026  0000000000000 000000000+00000000000000022329951401848790000001022400000000003100299450121093031864NN00 
210930318644231026   550209******651720231026+00000000250500104   63181110930318643014EMLHSC70500500000000000001600000000000000000000000000000000000000110029945  xqX2LeBZrRhjpHsdrA5512054423299514018487900000010001001 81260310490084940000000000000000
11093031864423102601/1001231026231127231127+0000000005853-0000000000151+0000000000000+00000000057020104025120000300005633601000001NN000000 231026  0000000000000 000000000+00000000000000022329951401848800000001025800000000003100299450121093031864NN00 
210930318644231026   522027******467920231026+00000000058530110   04528410930318643014DIM60C70300700000000000001600000000000000000000000000000000000000110029945  SoH1MCE8iikyBA3XpA8808235723299514018488000000010001001 81260310490084941000000000000000
11036447895423102601/0201231026231127231127+0000000020000-0000000000448+0000000000000+00000000195520104025120000300005633601000001NN000000 231026  0000000000000 000000000+00000000000000022329951501391010000001022400000000002411131670121036447895NN00 
210364478954231026   550209******445020231026+00000000200000102   726850                    26001400000000000001600000000000000000000000000000000000000141113167                      16212923299515013910100000010001001 07260310500069470000000000000000
11036447895423102601/0501231026231127231127+0000000034800-0000000000780+0000000000000+00000000340200104025120000300005633601000002NN000000 231026  0000000000000 000000000+00000000000000022329951501391020000001022400000000002411131670121036447895NN00 
210364478954231026   230744******482820231026+00000000240000105   364840                    26001000000000000001600000000000000000000000000000000000000141113167                      11344823299515013910200000010001001 05260310500069471000000000000000
210364478954231026   230744******482820231026+00000000108000105   432809                    26001100000000000001600000000000000000000000000000000000000141113167                      12401723299515013910200000010002001 05260310500069472000000000000000
110930318640231026     01231026231127231127+0000000039738-0000000000687+0000000000000+00000000390510104025120000300005633601000001NN000000 231026  0000000000000 000000000+00000000000000022329951502175590000000017300000000003100299450101093031864NN00 
210930318640231026   548985******683420231026+00000000397380000   09223510930318643014F1NGEC70200300000000000001600000000000000000000000000000000000000110029945  U40z09ktEDxlwpxzwQ0013254423299515021755900000000001000 81260210380705404000000000000000
110930318640231026     01231026231127231127+0000000034560-0000000000505+0000000000000+00000000340550104025120000300005633601000001NN000000 231026  0000000000000 000000000+00000000000000072329951502175600000000014600000000003100299450701093031864NN00 
210930318640231026   506775******656320231026+00000000345600000   60398210930318643014FIP7OC70301100000000000001600000000000000000000000000000000000030110029945  X2fbO8JbVwQgyV26ZQ0015252723299515021756000000000001000 07260210380705405000000000000000
11093031864423102601/0401231026231127231127+0000000009845-0000000000221+0000000000000+00000000096240104025120000300005633601000001NN000000 231026  0000000000000 000000000+00000000000000022329951502175610000001022400000000003100299450121093031864NN00 
210930318644231026   548985******683420231026+00000000098450104   09976010930318643014F24JNC70600100000000000001600000000000000000000000000000000000000110029945  6bLabLfePkfZx1jhgg5513285123299515021756100000010001001 81260310500115702000000000000000
11093031864423102601/1201231026231127231127+0000000021191-0000000000547+0000000000000+00000000206440104025120000300005633601000002NN000000 231026  0000000000000 000000000+00000000000000022329951502175620000001025800000000003100299450121093031864NN00 
210930318644231026   552640******254720231026+00000000106910112   06098010930318643014F5JHJC70400500000000000001600000000000000000000000000000000000000110029945  4UMpWkW313EKDP7Pww8813570023299515021756200000010001001 81260310500115703000000000000000
210930318644231026   553636******757320231026+00000000105000112   06098910930318643014FMP87C70400700000000000001600000000000000000000000000000000000000110029945  8K5BmYj62DDYxRI8AQ4416054323299515021756200000010002001 81260310500115704000000000000000
110364478950231026     01231026231127231127+0000000015000-0000000000260+0000000000000+00000000147400104025120000300005633601000001NN000000 231026  0000000000000 000000000+00000000000000022329951601013810000000017300000000002411131670101036447895NN00 
210364478950231026   549543******564620231026+00000000150000000   000555                    26001700000000000001600000000000000000000000000000000000000141113167                      17115023299516010138100000000001000 07260210340314218000000000000000
110364478950231026     01231026231127231127+0000000041189-0000000000713+0000000000000+00000000404760104025120000300005633601000001NN000000 231026  0000000000000 000000000+00000000000000022329951700624370000000017300000000002411131670101036447895NN00 
210364478950231026   527680******809520231026+00000000411890000   R41857                    26002300000000000001600000000000000000000000000000000000000141113167                      19042523299517006243700000000001000 05260210350215596000000000000000
110364478950231026     01231026231127231127+0000000036288-0000000000530+0000000000000+00000000357580104025120000300005633601000001NN000000 231026  0000000000000 000000000+00000000000000072329951700624380000000014600000000002411131670701036447895NN00 
210364478950231026   506775******336820231026+00000000362880000   746926                    26002200000000000001600000000000000000000000000000000000030141113167                      18521723299517006243800000000001000 05260210350215597000000000000000
11093031864423102601/0801231026231127231127+0000000005458-0000000000112+0000000000000+00000000053460104025120000300005633601000001NN000000 231026  0000000000000 000000000+00000000000000072329951701014970000001020600000000003100299450721093031864NN00 
210930318644231026   650507******741620231026+00000000054580108   80766410930318643014GUAC1C70500700000000000001600000000000000000000000000000000000020110029945  3ROUkhMLWswUmoEIRw6621464423299517010149700000010001001 07260310470038146000000000000000
110364478950231027     01231027231127231127+0000000029939-0000000000437+0000000000000+00000000295020104025120000300005633601000001NN000000 231027  0000000000000 000000000+00000000000000012330012000473150000000014600000000002411131670401036447895NN00 
210364478950231027   444456******331120231027+00000000299390000   868909                    27002000000000000001600000000000000000000000000000000000000141113167                      19193423300120004731500000000001000 05270210070154062000000000000000
11036447895423102701/0201231027231127231127+0000000014970-0000000000278+0000000000000+00000000146920104025120000300005633601000001NN000000 231027  0000000000000 000000000+00000000000000012330012000473160000001018600000000002411131670431036447895NN00 
210364478954231027   490144******382820231027+00000000149700102   086254                    27002400000000000001600000000000000000000000000000000000000141113167                      19585323300120004731600000010001001 07270310200015475000000000000000
110930318640231027     01231027231127231127+0000000025061-0000000000366+0000000000000+00000000246950104025120000300005633601000001NN000000 231027  0000000000000 000000000+00000000000000012330012701353800000000014600000000003100299450401093031864NN00 
210930318640231027   470598******936420231027+00000000250610000   07090310930318643022B8JAKC70800100000000000001600000000000000000000000000000000000000110029945  O99iKSPtzvvoFFuPqQ7706300523300127013538000000000001000 01270210090500090000000000000000
110930318640231027     01231027231127231127+0000000073277-0000000001070+0000000000000+00000000722070104025120000300005633601000003NN000000 231027  0000000000000 000000000+00000000000000012330012801623390000000014600000000003100299450401093031864NN00 
210930318640231027   422007******381320231027+00000000272590000   089356109303186430214PA8VE25300200000000000001600000000000000000000000000000000000000110029945  l8X6NQBLArO68k7oBA5514314523300128016233900000000001000 01270210100513900000000000000000
210930318640231027   455181******900220231027+00000000250610000   62483510930318643022DQER8C71100100000000000001600000000000000000000000000000000000000110029945  9Mwe2KpVYWMHj0KqVA5515124723300128016233900000000002000 01270210100513901000000000000000
210930318640231027   485464******482120231027+00000000209570000   86033710930318643022E1V2VC71200100000000000001600000000000000000000000000000000000000110029945  WoXaJFulUe6Hwh01fg2216125023300128016233900000000003000 01270210100513902000000000000000
11036447895423102701/0301231027231127231127+0000000010716-0000000000199+0000000000000+00000000105170104025120000300005633601000001NN000000 231027  0000000000000 000000000+00000000000000012330012900734050000001018600000000002411131670431036447895NN00 
210364478954231027   482425******313220231027+00000000107160103   445502                    27001200000000000001600000000000000000000000000000000000000141113167                      17453923300129007340500000010001001 05270310190031633000000000000000
110930318640231027     01231027231127231127+0000000025061-0000000000366+0000000000000+00000000246950104025120000300005633601000001NN000000 231027  0000000000000 000000000+00000000000000012330012901144290000000014600000000003100299450401093031864NN00 
210930318640231027   485464******367120231027+00000000250610000   42514410930318643022EHAOBC71200300000000000001600000000000000000000000000000000000000110029945  3cbNieJIEhGSSPF0ww6617533023300129011442900000000001000 01270210060311177000000000000000
110364478950231027     01231027231127231127+0000000040984-0000000000709+0000000000000+00000000402750104025120000300005633601000001NN000000 231027  0000000000000 000000000+00000000000000022330051001475720000000017300000000002411131670101036447895NN00 
210364478950231027   550209******277720231027+00000000409840000   553249                    27000100000000000001600000000000000000000000000000000000000141113167                      14431323300510014757200000000001000 05270210380500450000000000000000
11036447895423102701/0401231027231127231127+0000000015525-0000000000348+0000000000000+00000000151770104025120000300005633601000001NN000000 231027  0000000000000 000000000+00000000000000022330051001475730000001022400000000002411131670121036447895NN00 
210364478954231027   550209******265520231027+00000000155250104   156239                    27000500000000000001600000000000000000000000000000000000000141113167                      15233023300510014757300000010001001 05270310500078990000000000000000
110364478950231027     01231027231127231127+0000000069120-0000000001196+0000000000000+00000000679240104025120000300005633601000002NN000000 231027  0000000000000 000000000+00000000000000022330051101053000000000017300000000002411131670101036447895NN00 
210364478950231027   550209******781620231027+00000000345600000   388964                    27001300000000000001600000000000000000000000000000000000000141113167                      18073423300511010530000000000001000 05270210340329355000000000000000
210364478950231027   515467******903420231027+00000000345600000   103444                    27001400000000000001600000000000000000000000000000000000000141113167                      18225623300511010530000000000002000 07270210340329356000000000000000
11036447895423102701/1001231027231127231127+0000000014201-0000000000366+0000000000000+00000000138350104025120000300005633601000001NN000000 231027  0000000000000 000000000+00000000000000022330051101053010000001025800000000002411131670121036447895NN00 
210364478954231027   550209******464420231027+00000000142010110   027821                    27000600000000000001600000000000000000000000000000000000000141113167                      15511023300511010530100000010001001 05270310460048007000000000000000
11093031864423102701/0301231027231127231127+0000000006546-0000000000147+0000000000000+00000000063990104025120000300005633601000001NN000000 231027  0000000000000 000000000+00000000000000022330051101644760000001022400000000003100299450121093031864NN00 
210930318644231027   550209******847520231027+00000000065460103   82421010930318643022EBHAGC71300100000000000001600000000000000000000000000000000000000110029945  a5knrBQzV6JtelOX4g7717091723300511016447600000010001001 81270310460080028000000000000000
11036447895423102701/1001231027231127231127+0000000014201-0000000000366+0000000000000+00000000138350104025120000300005633601000001NN000000 231027  0000000000000 000000000+00000000000000022330051200678190000001025800000000002411131670121036447895NN00 
210364478954231027   523421******529020231027+00000000142010110   536891                    27002300000000000001600000000000000000000000000000000000000141113167                      19400623300512006781900000010001001 05270310470024047000000000000000
110930318640231027     01231027231127231127+0000000026004-0000000000380+0000000000000+00000000256240104025120000300005633601000001NN000000 231027  0000000000000 000000000+00000000000000072330051201100480000000014600000000003100299450701093031864NN00 
210930318640231027   651653******621220231027+00000000260040000   38215810930318643022EUALNC71400100000000000001600000000000000000000000000000000000000110029945  BkLXUqwENG1ZGEijJg0019392523300512011004800000000001000 07270210350385959000000000000000
11093031864423102701/1001231027231127231127+0000000006000-0000000000155+0000000000000+00000000058450104025120000300005633601000001NN000000 231027  0000000000000 000000000+00000000000000022330051201100490000001025800000000003100299450121093031864NN00 
210930318644231027   550209******603720231027+00000000060000110   60099810930318643022FBHH0C71300300000000000001600000000000000000000000000000000000000110029945  g5kewoIMBbwfnFZ2gA3321041423300512011004900000010001001 81270310470042186000000000000000
110364478950231027     01231027231127231127+0000000042000-0000000000613+0000000000000+00000000413870104025120000300005633601000001NN000000 231027  0000000000000 000000000+00000000000000072330051300276510000000014600000000002411131670701036447895NN00 
210364478950231027   506741******523920231027+00000000420000000   958509                    27002600000000000001600000000000000000000000000000000000030141113167                      21114823300513002765100000000001000 05270210360064759000000000000000
110930318640231027     01231027231127231127+0000000050122-0000000000868+0000000000000+00000000492540104025120000300005633601000002NN000000 231027  0000000000000 000000000+00000000000000022330051901935110000000017300000000003100299450101093031864NN00 
210930318640231027   530599******852020231027+00000000250610000   08243710930318643022BG60LC70900100000000000001600000000000000000000000000000000000000110029945  4d5tOHhC56y5guOruw0007324723300519019351100000000001000 81270210370680988000000000000000
210930318640231027   516136******897020231027+00000000250610000   90688810930318643022CS49MC71000100000000000001600000000000000000000000000000000000000110029945  aPqTmfdgtYZ0H61luw8811382423300519019351100000000002000 81270210370680989000000000000000
110364478955231124     01231124231127231127+0000000081691-0000000000539+0000000000000+00000000811520104025120000300005633601000001NN000000 231124  0000000000000 000000000+00000000000000022332850601843920000000006600000000002411131670111036447895NN00 
210364478955231124   589916******198220231124+00000000816910000   098655                    24000100000000000001600000000000000000000000000000000000000141113167                      09550423328506018439200000000001000 05240110290948067000000000000000
110364478955231124     01231124231127231127+0000000003000-0000000000026+0000000000000+00000000029740104025120000300005633601000001NN000000 231124  0000000000000 000000000+00000000000000072332850702101960000000008600000000002411131670711036447895NN00 
210364478955231124   650491******010420231124+00000000030000000   352477                    24000200000000000001600000000000000000000000000000000000030141113167                      10571623328507021019600000000001000 05240110301043735000000000000000
110364478955231125     01231125231127231127+0000000030919-0000000000204+0000000000000+00000000307150104025120000300005633601000001NN000000 231125  0000000000000 000000000+00000000000000012332911301035220000000006600000000002411131670411036447895NN00 
210364478955231125   410863******262920231125+00000000309190000   383154                    25000400000000000001600000000000000000000000000000000000000141113167                      07383123329113010352200000000001000 07250110010572809000000000000000
110364478955231125     01231125231127231127+0000000018522-0000000000159+0000000000000+00000000183630104025120000300005633601000001NN000000 231125  0000000000000 000000000+00000000000000072332950201927030000000008600000000002411131670711036447895NN00 
210364478955231125   506722******549920231125+00000000185220000   807636                    25000500000000000001600000000000000000000000000000000000030141113167                      11383823329502019270300000000001000 05250110301088389000000000000000
110930318644230331     03230518231127231127-0000000012000+0000000000316+0000000000000-00000000116840104025120000300005633601000001NN000000 230518280000000000000 000000000+00000000000000022309051901977260000001026300000000003100299450121093031864NN00 
210930318644230331   516292******806020230331-00000000120000000   82293710930318642PUI1R85KC51800500000000000001600000000000000000000000000000000000000110029945  3i49lzyVKMGqauR7TQ4400030923090519019772600000010002001 81180810410000475310310490100903
110364478954230727     03230816231127231127-0000000016848+0000000000377+0000000000000-00000000164710104025120000300005633601000001NN000000 230816170000000000000 000000000+00000000000000022320851901178030000001022400000000002411131670121036447895NN00 
210364478954230727   530994******674820230727-00000000168480000   067243                    27000100000000000001600000000000000000000000000000000000000141113167                      00015123208519011780300000010001001 05160610420003541270310490050071
110930318644230726     03230901231127231127-0000000019500+0000000000439+0000000000000-00000000190610104025120000300005633601000001NN000000 230901170000000000000 000000000+00000000000000012320712500716820000001022500000000003100299450431093031864NN00 
210930318644230726   459384******962720230726-00000000195000000   38356810930318642TB2DLLT8C64200500000000000001600000000000000000000000000000000000000110029945  YvYOLNiM02CfzDERzA7700015123207125007168200000010001001 01010610270000596260310200026937
110930318644230628     03230918231127231127-0000000010500+0000000000271+0000000000000-00000000102290104025120000300005633601000001NN000000 230918170000000000000 000000000+00000000000000022317951401817680000001025800000000003100299450121093031864NN00 
210930318644230628   539083******562720230628-00000000105000000   01667910930318642SGS44GMOC61500100000000000001600000000000000000000000000000000000000110029945  NBUqrIhQ10MbWIGRMg8800015123179514018176800000010001001 81180610420000307280310490082163
110364478954230826     03231030231127231127-0000000010573+0000000000240+0000000000000-00000000103330104025120000300005633601000001NN000000 231030170000000000000 000000000+00000000000000012323812800988900000001022500000000002411131670431036447895NN00 
210364478954230826   470598******958320230826-00000000105730000   035621                    26000600000000000001600000000000000000000000000000000000000141113167                      00015123238128009889000000010001001 05300610270000260260310230064635
110930318644230925     03231120231127231127-0000000010123+0000000000227+0000000000000-00000000098960104025120000300005633601000001NN000000 231120170000000000000 000000000+00000000000000022326851901769690000001022400000000003100299450121093031864NN00 
210930318644230925   550209******118320230925-00000000101230000   23375410930318642V44BIASAC68801900000000000001600000000000000000000000000000000000000110029945  fOYuMH8Ux7TjBlQRqg3300015123268519017696900000010002001 81200610420000384250310490075221
110930318644230926     03231120231127231127-0000000025200+0000000000564+0000000000000-00000000246360104025120000300005633601000001NN000000 231120170000000000000 000000000+00000000000000022326951502129060000001022400000000003100299450121093031864NN00 
210930318644230926   516292******365120230926-00000000252000000   79530810930318642V529BV38C68903900000000000001600000000000000000000000000000000000000110029945  6X9kiqU21sz93Uwuog7700015123269515021290600000010001001 81200610420000391260310500110419
110364478954230918     03231124231127231127-0000000031500+0000000000706+0000000000000-00000000307940104025120000300005633601000001NN000000 231124170000000000000 000000000+00000000000000022326151501387470000001022400000000002411131670121036447895NN00 
210364478954230918   553665******342320230918-00000000315000000   062106                    18001000000000000001600000000000000000000000000000000000000141113167                      00000023261515013874700000010001001 05240610410001277180310500070285
900000000341+0000000000235142300000000181+00000000002398515+00000000000000000+00000000000000000                                                                                                                                                           
