010364478952023112720231127202311270009238CIELO03I              EC6765014                                                                                                                                                                                 
11093031864423112601/1201231126231227231227+0000000005938-0000000000153+0000000000000+00000000057850104025120000300005633600000001NN000000 231126  0000000000000 000000000+00000000000000022333051001226590000001025800000000003100299450121093031864NN00 
210930318644231126   516292******333720231126+00000000059380112   304513109303186430TB2448SC73000700000000000001600000000711460000000005928000000000000110029945  wUBRU1764Q0yuRvb7g6616100523330510012265900000010001001 81260310500088514000000000000000
11093031864423112602/1201231126240126240126+0000000005928-0000000000153+0000000000000+00000000057750104025120000300005633600000001NN000000 231126  0000000000000 000000000+00000000000000022333051001226590200001025800000000003100299450121093031864NN00 
11093031864423112603/1201231126240226240226+0000000005928-0000000000153+0000000000000+00000000057750104025120000300005633600000001NN000000 231126  0000000000000 000000000+00000000000000022333051001226590200002025800000000003100299450121093031864NN00 
11093031864423112604/1201231126240326240326+0000000005928-0000000000153+0000000000000+00000000057750104025120000300005633600000001NN000000 231126  0000000000000 000000000+00000000000000022333051001226590200003025800000000003100299450121093031864NN00 
11093031864423112605/1201231126240425240425+0000000005928-0000000000153+0000000000000+00000000057750104025120000300005633600000001NN000000 231126  0000000000000 000000000+00000000000000022333051001226590200004025800000000003100299450121093031864NN00 
11093031864423112606/1201231126240527240527+0000000005928-0000000000153+0000000000000+00000000057750104025120000300005633600000001NN000000 231126  0000000000000 000000000+00000000000000022333051001226590200005025800000000003100299450121093031864NN00 
11093031864423112607/1201231126240624240624+0000000005928-0000000000153+0000000000000+00000000057750104025120000300005633600000001NN000000 231126  0000000000000 000000000+00000000000000022333051001226590200006025800000000003100299450121093031864NN00 
11093031864423112608/1201231126240724240724+0000000005928-0000000000153+0000000000000+00000000057750104025120000300005633600000001NN000000 231126  0000000000000 000000000+00000000000000022333051001226590200007025800000000003100299450121093031864NN00 
11093031864423112609/1201231126240823240823+0000000005928-0000000000153+0000000000000+00000000057750104025120000300005633600000001NN000000 231126  0000000000000 000000000+00000000000000022333051001226590200008025800000000003100299450121093031864NN00 
11093031864423112610/1201231126240923240923+0000000005928-0000000000153+0000000000000+00000000057750104025120000300005633600000001NN000000 231126  0000000000000 000000000+00000000000000022333051001226590200009025800000000003100299450121093031864NN00 
11093031864423112611/1201231126241022241022+0000000005928-0000000000153+0000000000000+00000000057750104025120000300005633600000001NN000000 231126  0000000000000 000000000+00000000000000022333051001226590200010025800000000003100299450121093031864NN00 
11093031864423112612/1201231126241121241121+0000000005928-0000000000153+0000000000000+00000000057750104025120000300005633600000001NN000000 231126  0000000000000 000000000+00000000000000022333051001226590200011025800000000003100299450121093031864NN00 
11093031864423112601/0801231126231227231227+0000000005386-0000000000139+0000000000000+00000000052470104025120000300005633600000001NN000000 231126  0000000000000 000000000+00000000000000022333051901211450000001025800000000003100299450121093031864NN00 
210930318644231126   531681******869620231126+00000000053860108   088914109303186430TB0N5GVC72700700000000000001600000000430670000000005383000000000000110029945  xntqKi4evIrAihhIzg2209194123330519012114500000010001001 81260310490058337000000000000000
11093031864423112602/0801231126240126240126+0000000005383-0000000000139+0000000000000+00000000052440104025120000300005633600000001NN000000 231126  0000000000000 000000000+00000000000000022333051901211450200001025800000000003100299450121093031864NN00 
11093031864423112603/0801231126240226240226+0000000005383-0000000000139+0000000000000+00000000052440104025120000300005633600000001NN000000 231126  0000000000000 000000000+00000000000000022333051901211450200002025800000000003100299450121093031864NN00 
11093031864423112604/0801231126240326240326+0000000005383-0000000000139+0000000000000+00000000052440104025120000300005633600000001NN000000 231126  0000000000000 000000000+00000000000000022333051901211450200003025800000000003100299450121093031864NN00 
11093031864423112605/0801231126240425240425+0000000005383-0000000000139+0000000000000+00000000052440104025120000300005633600000001NN000000 231126  0000000000000 000000000+00000000000000022333051901211450200004025800000000003100299450121093031864NN00 
11093031864423112606/0801231126240527240527+0000000005383-0000000000139+0000000000000+00000000052440104025120000300005633600000001NN000000 231126  0000000000000 000000000+00000000000000022333051901211450200005025800000000003100299450121093031864NN00 
11093031864423112607/0801231126240624240624+0000000005383-0000000000139+0000000000000+00000000052440104025120000300005633600000001NN000000 231126  0000000000000 000000000+00000000000000022333051901211450200006025800000000003100299450121093031864NN00 
11093031864423112608/0801231126240724240724+0000000005383-0000000000139+0000000000000+00000000052440104025120000300005633600000001NN000000 231126  0000000000000 000000000+00000000000000022333051901211450200007025800000000003100299450121093031864NN00 
900000000022+0000000000011126500000000002+00000000000114213+00000000000000000+00000000000000000                                                                                                                                                           
